<record><leader>00000cas a22000007a 4500</leader><controlfield tag="001">14523233</controlfield><controlfield tag="008">861027d192419uutxuuu ne      0    0eng d</controlfield><datafield ind1=" " ind2=" " tag="010"><subfield code="a">sn 86089801 </subfield></datafield><datafield ind1=" " ind2=" " tag="040"><subfield code="a">PPM</subfield><subfield code="b">eng</subfield><subfield code="c">PPM</subfield><subfield code="d">OCLCQ</subfield></datafield><datafield ind1=" " ind2=" " tag="042"><subfield code="a">msc</subfield></datafield><datafield ind1="0" ind2="4" tag="245"><subfield code="a">The Opium anti.</subfield></datafield><datafield ind1=" " ind2=" " tag="260"><subfield code="a">San Antonio, Tex. :</subfield><subfield code="b">Anti-Opium Publicity Board,</subfield><subfield code="c">1924-</subfield></datafield><datafield ind1=" " ind2=" " tag="300"><subfield code="a">v. :</subfield><subfield code="b">ill. ;</subfield><subfield code="c">56 cm.</subfield></datafield><datafield ind1="0" ind2=" " tag="362"><subfield code="a">First issue, (n.d.), 1924-</subfield></datafield><datafield ind1=" " ind2=" " tag="500"><subfield code="a">First issue pub. between Mar. 6 and Nov. 1924.</subfield></datafield><datafield ind1=" " ind2=" " tag="500"><subfield code="a">First issue sponsored by: American Legion Auxiliary, Dept. of Texas.</subfield></datafield><datafield ind1=" " ind2=" " tag="500"><subfield code="a">"[W]ill issue from time to time."</subfield></datafield><datafield ind1=" " ind2=" " tag="752"><subfield code="a">United States</subfield><subfield code="b">Texas</subfield><subfield code="c">Bexar</subfield><subfield code="d">San Antonio.</subfield></datafield></record>